<record><leader>00000cas a22000007a 4500</leader><controlfield tag="001">9993188</controlfield><controlfield tag="008">831007d18661942nyuwr ne      0    0eng d</controlfield><datafield ind1=" " ind2=" " tag="010"><subfield code="a">sn 83031839 </subfield></datafield><datafield ind1=" " ind2=" " tag="040"><subfield code="a">NPU</subfield><subfield code="b">eng</subfield><subfield code="c">NPU</subfield><subfield code="d">NPX</subfield><subfield code="d">NYS</subfield><subfield code="d">KRTAS</subfield><subfield code="d">OCLCQ</subfield></datafield><datafield ind1=" " ind2=" " tag="042"><subfield code="a">msc</subfield></datafield><datafield ind1="0" ind2="0" tag="245"><subfield code="a">Union Springs advertiser.</subfield></datafield><datafield ind1=" " ind2=" " tag="260"><subfield code="a">Union Springs, N.Y. :</subfield><subfield code="b">James B. Hoff</subfield></datafield><datafield ind1=" " ind2=" " tag="300"><subfield code="a">v. ;</subfield><subfield code="c">54 cm.</subfield></datafield><datafield ind1=" " ind2=" " tag="310"><subfield code="a">Weekly</subfield></datafield><datafield ind1="1" ind2=" " tag="362"><subfield code="a">Began in 1866.</subfield><subfield code="z">Cf. Faibisoff, S.G. Bibl. of newspapers in 14 N.Y. counties.</subfield></datafield><datafield ind1="0" ind2=" " tag="362"><subfield code="a">-v. 77, no. 9 (July 30, 1942).</subfield></datafield><datafield ind1=" " ind2=" " tag="500"><subfield code="a">Publishers: James B. Hoff, &lt;1867-1903&gt;; C.D. Anderson, &lt;1910&gt;-1918; M.T. Collins, 1918-1919; E.C. Cowles, 1919-&lt;1934&gt;; H.E. and B.C. Stryker, 1935-1942.</subfield></datafield><datafield ind1=" " ind2=" " tag="588"><subfield code="a">Description based on: Vol. 1, no. 32 (Jan. 17, 1867).</subfield></datafield><datafield ind1=" " ind2="4" tag="651"><subfield code="a">Union Springs (N.Y.)</subfield><subfield code="v">Newspapers.</subfield></datafield><datafield ind1=" " ind2="4" tag="651"><subfield code="a">Cayuga County (N.Y.)</subfield><subfield code="v">Newspapers.</subfield></datafield><datafield ind1=" " ind2=" " tag="752"><subfield code="a">United States</subfield><subfield code="b">New York</subfield><subfield code="c">Cayuga</subfield><subfield code="d">Union Springs.</subfield></datafield><datafield ind1=" " ind2=" " tag="938"><subfield code="a">Kirtas Technologies, Inc.</subfield><subfield code="b">KRTS</subfield><subfield code="n">737535</subfield></datafield></record>